@article{lamport1986latex,
    title={LaTEX: User's Guide \& Reference Manual},
    author={Lamport, Leslie},
    year={1986},
    publisher={Addison-Wesley}
}

@article{quatroautores,
	title={Real-time prediction of hand trajectory 
	by ensembles of cortical neurons in primates},
	author={Wessberg, Johan and Stambaugh, Christopher R and 
	Kralik,Jerald D and 
	Beck, Pamela D and Laubach, Mark and 
	Chapin, John K and Kim, Jung and Biggs, S James and 
	Srinivasan, Mandayam A and Nicolelis, Miguel AL},
	journal={Nature},
	volume={408},
	number={6810},
	pages={361--365},
	year={2000},
	publisher={Nature Publishing Group}
}

@book{knuth,
	title={The texbook},
	author={Knuth, D.E. and Bibby, D. and Makai, I.},
	volume={1993},
	year={1986},
	publisher={Addison-Wesley}
}

@misc{lamport,
	title={Document Preparation System},
	author={Lamport, L. and LaTEX, A.},
	year={1994},
	publisher={Addison-Wesley}
}

@MASTERSTHESIS{Maia2011,
	author = { BORGES, J. A. M.},
	TITLE = {Estudo da drogadição gestacional e óbito neonatal},
	SCHOOL = {Universidade Estadual do Ceará, Fortaleza},
	YEAR = {2012},
	type = {Mestrado},
}

@article{mortalidade,
	title={Mortalidade neonatal: fatores de risco em um município no sul do Brasil},
	author={MARAM, E. and UCHIMURA, T. T.},
	journal={Rev. Eletr. Enf.},
	volume={10},
	number={1},
	pages={29-38},
	year={2008},
}

@inproceedings{Huetal2000,
	author = "J. Hu and H.R. Wu and A. Jennings and X. Wang",
	title = "Fast and robust equalization: A case study",
	booktitle = "Proceedings of the World Multiconference on Systemics, Cybernetics and Informatics, (SCI 2000), Florida, USA, 23-26 July 2000",
	publisher = "International Institute of Informatics and Systemics", 
	address = "FL, USA",
	pages = "398--403",
	year = "2000"
}

@book{tresautores,
	title={Resiliência: enfatizando a proteção dos 	adolescentes},
	author={ASSIS, S. G and  AVANCI, J. Q. and PESCE, R. P.},
	year={2005},
	address={Porto Alegre: Artmed},
}

@article{dragoni2016,
    author = "Nicola Dragoni and Saverio Giallorenzo and Alberto Lluch-Lafuente and Manuel Mazzara and Fabrizio Montesi and Ruslan Mustafin and Larisa Safina",
    year = "2016",
    month = "06",
    pages = "",
    title = "Microservices: yesterday, today, and tomorrow"
}

@INPROCEEDINGS{alshuqayran2016,
    author={N. Alshuqayran and N. Ali and R. Evans}, 
    booktitle={2016 IEEE 9th International Conference on Service-Oriented Computing and Applications (SOCA)}, 
    title={A Systematic Mapping Study in Microservice Architecture}, year={2016}, 
    volume={}, 
    number={}, 
    pages={44-51}
}

@misc{lewis2014,
    author = "James Lewis and Martin Fowler",
    year = "2014",
    title = "Microservices",
    howpublished = {\url{https://martinfowler.com/articles/microservices.html}},
    note = {Accessed: 2020-04-16}
}

@INPROCEEDINGS{villamizar2015,  
    author={M. Villamizar and O. Garcés and H. Castro and M. Verano and L. Salamanca and R. Casallas and S. Gil}, 
    booktitle={2015 10th Computing Colombian Conference (10CCC)},  title={Evaluating the monolithic and the microservice architecture pattern to deploy web applications in the cloud},   
    year={2015},
    volume={},  
    number={},  
    pages={583-590}
}
  
@INPROCEEDINGS{tonelli2019,  
    author={R. Tonelli and M. I. Lunesu and A. Pinna and D. Taibi and M. Marchesi},  
    booktitle={2019 IEEE International Workshop on Blockchain Oriented Software Engineering (IWBOSE)},  
    title={Implementing a Microservices System with Blockchain Smart Contracts},   
    year={2019},  
    volume={},  
    number={}, 
    pages={22-31}
}

@ARTICLE{sun2017,  
    author={L. Sun and Y. Li and R. A. Memon},  
    journal={China Communications},  title={An open IoT framework based on microservices architecture},   
    year={2017},  
    volume={14},  
    number={2},  
    pages={154-162}
}

@INPROCEEDINGS{fan2017,  
    author={C. Fan and S. Ma},  
    booktitle={2017 IEEE International Conference on AI   Mobile Services (AIMS)},  
    title={Migrating Monolithic Mobile Application to Microservice Architecture: An Experiment Report},   
    year={2017}, 
    volume={},
    number={}, 
    pages={109-112}
}

@INPROCEEDINGS{heorhiadi2016,  
    author={V. Heorhiadi and S. Rajagopalan and H. Jamjoom and M. K. Reiter and V. Sekar},  
    booktitle={2016 IEEE 36th International Conference on Distributed Computing Systems (ICDCS)},  
    title={Gremlin: Systematic Resilience Testing of Microservices},   year={2016}, 
    volume={}, 
    number={}, 
    pages={57-66}}

@Inbook{cheng2009,
    author="Cheng, Betty H. C.
    and de Lemos, Rog{\'e}rio
    and Giese, Holger
    and Inverardi, Paola
    and Magee, Jeff
    and Andersson, Jesper
    and Becker, Basil
    and Bencomo, Nelly
    and Brun, Yuriy
    and Cukic, Bojan
    and Di Marzo Serugendo, Giovanna
    and Dustdar, Schahram
    and Finkelstein, Anthony
    and Gacek, Cristina
    and Geihs, Kurt
    and Grassi, Vincenzo
    and Karsai, Gabor
    and Kienle, Holger M.
    and Kramer, Jeff
    and Litoiu, Marin
    and Malek, Sam
    and Mirandola, Raffaela
    and M{\"u}ller, Hausi A.
    and Park, Sooyong
    and Shaw, Mary
    and Tichy, Matthias
    and Tivoli, Massimo
    and Weyns, Danny
    and Whittle, Jon",
    editor="Cheng, Betty H. C.
    and de Lemos, Rog{\'e}rio
    and Giese, Holger
    and Inverardi, Paola
    and Magee, Jeff",
    title="Software Engineering for Self-Adaptive Systems: A Research Roadmap",
    bookTitle="Software Engineering for Self-Adaptive Systems",
    year="2009",
    publisher="Springer Berlin Heidelberg",
    address="Berlin, Heidelberg",
    pages="1--26",
    isbn="978-3-642-02161-9",
    doi="10.1007/978-3-642-02161-9_1",
    url="https://doi.org/10.1007/978-3-642-02161-9_1"
}

@inbook{lemos2013,
    author = {Lemos, Rogério and Giese, Holger and Müller, Hausi and Andersson, Jesper and Litoiu, Marin and Schmerl, Bradley and Tamura, Gabriel and Villegas, Norha and Vogel, Thomas and Weyns, Danny and Baresi, Luciano and Becker, Basil and Bencomo, Nelly and Brun, Yuriy and Cukic, Bojan and Desmarais, Ron and Dustdar, Schahram and Engels, Gregor and Wuttke, Jochen},
    year = {2013},
    month = {01},
    pages = {1-32},
    title = {Software Engineering for Self-Adaptive Systems: A Second Research Roadmap},
    doi = {10.1007/978-3-642-35813-5_1}
}

@Book{kitchenhambook2015,
    author = "Kitchenham, Barbara Ann and Budgen, David and Brereton, Pearl",
    title = "Evidence-Based Software Engineering and Systematic Reviews",
    year = "2015",
    isbn = "1482228653",
    publisher = "Chapman & Hall/CRC"
}

@Article{petersen2015,
    title = "Guidelines for conducting systematic mapping studies in software engineering: An update",
    journal = "Information and Software Technology",
    volume = "64",
    pages = "1 - 18",
    year = "2015",
    issn = "0950-5849",
    doi = "https://doi.org/10.1016/j.infsof.2015.03.007",
    url = "http://www.sciencedirect.com/science/article/pii/S0950584915000646",
    author = "Kai Petersen and Sairam Vakkalanka and Ludwik Kuzniarz"
}

@book{newman2015,
    author = "Newman, Sam",
    edition = "1st",
    isbn = "978-1491950357",
    pages = "280",
    publisher = "O'Reilly Media",
    title = "Building Microservices: Designing Fine-Grained Systems",
    year = "2015"
}

@inbook{shankararaman2020,
    author = "Megargel, Alan and Shankararaman, Venky and Walker, David",
    year = "2020",
    month = "01",
    pages = "85-108",
    title = "Migrating from Monoliths to Cloud-Based Microservices: A Banking Industry Example",
    isbn = "978-3-030-33623-3",
    doi = "10.1007/978-3-030-33624-0_4"
}

@article{salehie2009,
    author = {Salehie, Mazeiar and Tahvildari, Ladan},
    title = {Self-Adaptive Software: Landscape and Research Challenges},
    year = {2009},
    issue_date = {May 2009},
    publisher = {Association for Computing Machinery},
    address = {New York, NY, USA},
    volume = {4},
    number = {2},
    issn = {1556-4665},
    url = {https://doi.org/10.1145/1516533.1516538},
    doi = {10.1145/1516533.1516538},
    journal = {ACM Trans. Auton. Adapt. Syst.},
    month = may,
    articleno = {14},
    numpages = {42},
    keywords = {survey, self-adaptive software, Adaptation processes, self-properties, research challenges}
}

@ARTICLE{oreizy1999,
    author={P. Oreizy and M. M. Gorlick and R. N. Taylor and D. Heimhigner and G. Johnson and N. Medvidovic and A. Quilici and D. S. Rosenblum and A. L. Wolf},
    journal={IEEE Intelligent Systems and their Applications}, 
    title={An architecture-based approach to self-adaptive software}, 
    year={1999},
    volume={14},
    number={3},
    pages={54-62}
}
  
@ARTICLE{kephart2003,
    author={J. O. Kephart and D. M. Chess},
    journal={Computer}, 
    title={The vision of autonomic computing}, 
    year={2003},
    volume={36},
    number={1},
    pages={41-50}
}

@article{huebscher2008,
    author = {Huebscher, Markus C. and McCann, Julie A.},
    title = {A Survey of Autonomic Computing—Degrees, Models, and Applications},
    year = {2008},
    issue_date = {August 2008},
    publisher = {Association for Computing Machinery},
    address = {New York, NY, USA},
    volume = {40},
    number = {3},
    issn = {0360-0300},
    url = {https://doi.org/10.1145/1380584.1380585},
    doi = {10.1145/1380584.1380585},
    journal = {ACM Comput. Surv.},
    month = aug,
    articleno = {7},
    numpages = {28},
    keywords = {self-healing systems, self-adaptive, Autonomic computing}
}

@Book{lalanda2013,
    author = "Lalanda, Philippe and McCann, Julie A. and Diaconescu, Ada",
    title = "Autonomic Computing: Principles, Design and Implementation",
    year = "2013",
    isbn = "978-1-4471-5007-7",
    publisher = "Springer-Verlag London"
}

@Article{kitchenham2007,
    author = "Kitchenham and Charters",
    year = "2007",
    month = "01",
    pages = "",
    title = "Guidelines for performing Systematic Literature Reviews in Software Engineering",
    volume = "2"
}

@InProceedings{Calinescu2017,
    author="Calinescu, Radu
    and Gerasimou, Simos
    and Johnson, Kenneth
    and Paterson, Colin",
    editor="de Lemos, Rog{\'e}rio
    and Garlan, David
    and Ghezzi, Carlo
    and Giese, Holger",
    title="Using Runtime Quantitative Verification to Provide Assurance Evidence for Self-Adaptive Software",
    booktitle="Software Engineering for Self-Adaptive Systems III. Assurances",
    year="2017",
    publisher="Springer International Publishing",
    address="Cham",
    pages="223--248",
    isbn="978-3-319-74183-3"
}

@Article{Abril07,
    author = "Patricia S. Abril and Robert Plant",
    title = "The patent holder's dilemma: Buy, sell, or troll?",
    journal = "Communications of the ACM",
    volume = "50",
    number = "1",
    month = jan,
    year = "2007",
    pages = "36--44",
    doi = "10.1145/1188913.1188915",
    url = "http://doi.acm.org/10.1145/1219092.1219093",
    note = ""
}

@article{BRERETON2007571,
    title = "Lessons from applying the systematic literature review process within the software engineering domain",
    journal = "Journal of Systems and Software",
    volume = "80",
    number = "4",
    pages = "571 - 583",
    year = "2007",
    note = "Software Performance",
    issn = "0164-1212",
    doi = "https://doi.org/10.1016/j.jss.2006.07.009",
    url = "http://www.sciencedirect.com/science/article/pii/S016412120600197X",
    author = "Pearl Brereton and Barbara A. Kitchenham and David Budgen and Mark Turner and Mohamed Khalil",
    keywords = "Systematic literature review, Empirical software engineering"
}

@Article{zhanghe2011,
    author = "He Zhang and Muhammad Ali Babar and Paolo Tell",
    title = "Identifying relevant studies in software engineering",
    journal = "Information and Software Technology",
    volume = "53",
    number = "6",
    year = "2011"
}

@Article{biolchini2005,
    title = "Systematic Review In Software Engineering",
    journal = "Information and Software Technology",
    volume = "64",
    pages = "1 - 18",
    year = "2005",
    issn = "0950-5849",
    doi = "https://doi.org/10.1016/j.infsof.2015.03.007",
    url = "http://www.sciencedirect.com/science/article/pii/S0950584915000646",
    author = "Jorge Biolchini and Paula Gomes Mian and Ana Candida Cruz Natali and Guilherme Horta Travassos"
}

@Article{wieringa2006,
    author = "Wieringa, Roel and Maiden, Neil and Mead, Nancy and Rolland, Colette",
    year = "2006",
    month = "03",
    pages = "102-107",
    title = "Requirements engineering paper classification and evaluation criteria: A proposal and a discussion",
    volume = "11",
    journal = "Requir. Eng.",
    doi = "10.1007/s00766-005-0021-6"
}

@Article{shahrokni2013,
    title = "A systematic review of software robustness",
    journal = "Information and Software Technology",
    volume = "55",
    number = "1",
    pages = "1 - 17",
    year = "2013",
    note = "Special section: Best papers from the 2nd International Symposium on Search Based Software Engineering 2010",
    issn = "0950-5849",
    doi = "https://doi.org/10.1016/j.infsof.2012.06.002",
    url = "http://www.sciencedirect.com/science/article/pii/S0950584912001048",
    author = "Ali Shahrokni and Robert Feldt",
    keywords = "Systematic review, Robustness, Software robustness"
}

@Book{wohlin2012,
    author = "Wohlin, Claes and Runeson, Per and Hst, Martin and Ohlsson, Magnus C. and Regnell, Bjrn and Wessln, Anders",
    title = "Experimentation in Software Engineering",
    year = "2012",
    isbn = "3642290434",
    publisher = "Springer Publishing Company, Incorporated"
}

@Book{kitchenham2015,
    author = "Barbara Ann Kitchenham and David  Budgen and Pearl  Brereton",
    title = "Evidence-Based Software Engineering and Systematic Reviews",
    year = "2015",
    isbn = "978-1-4822-2865-6",
    pages = "433"
}

@article{kitchenham2011,
    author = "Barbara A. Kitchenham and David Budgen and O. Pearl Brereton",
    title = "Using mapping studies as the basis for further research – A participant-observer case study",
    journal = "Information and Software Technology",
    volume = "53",
    number = "6",
    pages = "638 - 651",
    year = "2011",
    issn = "0950-5849"
}

@inproceedings{weyns2017,
    title={Software Engineering of Self-Adaptive Systems: An Organised Tour and Future Challenges},
    author={Weyns, Danny},
    year={2017}
}

@inproceedings{mendonca2018,
    author = {Mendonça, Nabor and Garlan, David and Schmerl, Bradley and Cámara, Javier},
    year = {2018},
    month = {09},
    pages = {},
    title = {Generality vs. Reusability in Architecture-Based Self-Adaptation: The Case for Self-Adaptive Microservices},
    doi = {10.1145/3241403.3241423}
}

@TECHREPORT{ibm2005,
    author = "IBM",
    title = "An Architectural Blueprint for Autonomic Computing",
    year = "2005",
    note="IBM White Paper"
}

@article{floch2006,
    author = {Floch, Jacqueline and Hallsteinsen, Svein and Stav, Erlend and Eliassen, Frank and Lund, Ketil and Gjørven, Eli},
    year = {2006},
    month = {04},
    pages = {62 - 70},
    title = {Using architecture models for runtime adaptability},
    volume = {23},
    journal = {Software, IEEE},
    doi = {10.1109/MS.2006.61}
}

@article{nallur2013,
    author = {Nallur, Vivek and Bahsoon, Rami},
    year = {2013},
    month = {05},
    pages = {591-612},
    title = {A Decentralized Self-Adaptation Mechanism for Service-Based Applications in the Cloud},
    volume = {39},
    journal = {Software Engineering, IEEE Transactions on},
    doi = {10.1109/TSE.2012.53}
}

@book{shadish2002,
    title={Experimental and Quasi-experimental Designs for Generalized Causal Inference},
    author={Shadish, WS and Shadish, W.R. and Chelimsky, E. and Cook, T.D. and Campbell, D.T. and Cengage Learning},
    isbn={9780395615560},
    lccn={20131551},
    url={https://books.google.com.br/books?id=o7jaAAAAMAAJ},
    year={2002},
    publisher={Houghton Mifflin}
}


% Trabalhos selecionados

@Article{s1journal,
    author = "Adalberto R. Sampaio and Julia Rubin and Ivan Beschastnikh and Nelson S. Rosa",
    title = "Improving microservice-based applications with runtime placement adaptation",
    journal = "Journal of Internet Services and Applications",
    number = "4",
    year = "2019"
}

@inproceedings{s2conference,
    author={Kehrer, S. and Blochinger, W},
    title={Model-Based Generation of Self-adaptive Cloud Services},
    booktitle={International Conference on Cloud Computing and Services Science CLOSER 2018},
    year={2019},
    volume={}
}

@article{s3journal,
    title = "Self-managing cloud-native applications: Design, implementation, and experience",
    journal = "Future Generation Computer Systems",
    volume = "72",
    pages = "165 - 179",
    year = "2017",
    issn = "0167-739X",
    doi = "https://doi.org/10.1016/j.future.2016.09.002",
    url = "http://www.sciencedirect.com/science/article/pii/S0167739X16302977",
    author = "Giovanni Toffetti and Sandro Brunner and Martin Blöchlinger and Josef Spillner and Thomas Michael Bohnert"
}

@inproceedings{s4conference,
    author = {Magableh, Basel and Almiani, M},
    title = {A Self Healing Microservices Architecture: A Case Study in Docker Swarm Cluster},
    year = {2019},
    booktitle = {International Conference on Advanced Information Networking and Applications}
}

@inproceedings{s5conference,
    author = {Mikhail, K. and Bucchiarone, A. and Mazzara, M. and Safina, L. and Rivera, V},
    title = { Domain Objects and Microservices for Systems Development: A Roadmap},
    year = {2016},
    publisher = {Springer, Cham},
    booktitle = {Proceedings of 5th International Conference in Software Engineering for Defence Applications}
}

@INPROCEEDINGS{s6conference,
    author={P. Nguyen and K. Nahrstedt},
    booktitle={2017 IEEE International Conference on Autonomic Computing (ICAC)},
    title={MONAD: Self-Adaptive Micro-Service Infrastructure for Heterogeneous Scientific Workflows},
    year={2017},
    volume={},
    number={},
    pages={187-196}
}

@ARTICLE{s7journal,
    author={N. C. Mendonça and P. Jamshidi and D. Garlan and C. Pahl},
    journal={IEEE Software},
    title={Developing Self-Adaptive Microservice Systems: Challenges and Directions},
    year={2019},
    volume={},
    number={}
}

@INPROCEEDINGS{s8conference,  
    author={X. Wang and Z. Feng and S. Chen and K. Huang},
    booktitle={2018 IEEE International Conference on Web Services (ICWS)},
    title={DKEM: A Distributed Knowledge Based Evolution Model for Service Ecosystem},
    year={2018},
    pages={1-8}
}

@inproceedings{s9conference,
    author = {Khazaei, Hamzeh and Ghanbari, Alireza and Litoiu, Marin},
    title = {Adaptation as a Service},
    year = {2018},
    publisher = {IBM Corp.},
    address = {USA},
    booktitle = {Proceedings of the 28th Annual International Conference on Computer Science and Software Engineering},
    pages = {282–288},
    numpages = {7},
    keywords = {cloud computing, eslf-adaptation, microservices, containers, adaptation as a service, software engineering},
    location = {Markham, Ontario, Canada},
    series = {CASCON ’18}
}
  
@INPROCEEDINGS{s10conference,
    author={L. Florio and E. D. Nitto},
    booktitle={2016 IEEE International Conference on Autonomic Computing (ICAC)},   title={Gru: An Approach to Introduce Decentralized Autonomic Behavior in Microservices Architectures},
    year={2016},
    volume={},
    number={},
    pages={357-362}
}

@INPROCEEDINGS{s11conference,  
    author={S. Hassan and R. Bahsoon},
    booktitle={2016 IEEE International Conference on Services Computing (SCC)},
    title={Microservices and Their Design Trade-Offs: A Self-Adaptive Roadmap},   year={2016},  
    volume={},  
    number={},  
    pages={813-818}
}

@inproceedings{s12workshop,
    author = {Toffetti, Giovanni and Brunner, Sandro and Bl\"{o}chlinger, Martin and Dudouet, Florian and Edmonds, Andrew},
    title = {An Architecture for Self-Managing Microservices},
    year = {2015},
    isbn = {9781450334761},
    publisher = {Association for Computing Machinery},
    address = {New York, NY, USA},
    url = {https://doi.org/10.1145/2747470.2747474},
    doi = {10.1145/2747470.2747474},
    booktitle = {Proceedings of the 1st International Workshop on Automated Incident Management in Cloud},
    pages = {19–24},
    numpages = {6},
    location = {Bordeaux, France},
    series = {AIMC ’15}
}

@inproceedings{s13conference,
    author = {Mendonça, Nabor C. and Garlan, David and Schmerl, Bradley and C\'{a}mara, Javier},
    title = {Generality vs. Reusability in Architecture-Based Self-Adaptation: The Case for Self-Adaptive Microservices},
    year = {2018},
    isbn = {9781450364836},
    publisher = {Association for Computing Machinery},
    address = {New York, NY, USA},
    url = {https://doi.org/10.1145/3241403.3241423},
    doi = {10.1145/3241403.3241423},
    booktitle = {Proceedings of the 12th European Conference on Software Architecture: Companion Proceedings},
    articleno = {18},
    numpages = {6},
    keywords = {self-adaptation, service mesh, microservices},
    location = {Madrid, Spain},
    series = {ECSA ’18}
}

@inproceedings{s14conference,
    author = {Liu, Peini and Mao, Xinjun and Zhang, Shuai and Hou, Fu},
    year = {2018},
    month = {07},
    pages = {236-281},
    title = {Towards Reference Architecture for a Multi-layer Controlled Self-adaptive Microservice System},
    doi = {10.18293/SEKE2018-086}
}

@INPROCEEDINGS{s15conference,
    author={S. Zhang and M. Zhang and L. Ni and P. Liu},  booktitle={2019 IEEE 4th International Conference on Cloud Computing and Big Data Analysis (ICCCBDA)},   
    title={A Multi-Level Self-Adaptation Approach For Microservice Systems},   
    year={2019},  
    volume={},  
    number={},  
    pages={498-502}
}

@inproceedings{s16conference,
    author = {Zhang, Shuai and Mao, Xinjun and Liu, Peini and Hou, Fu},
    year = {2018},
    month = {07},
    pages = {282-325},
    title = {A Self-Adaptation Framework of Microservice Systems (S)},
    doi = {10.18293/SEKE2018-091}
}

@inproceedings{s17conference,
    author = {Wang, Yuwei},
    title = {Towards Service Discovery and Autonomic Version Management in Self-Healing Microservices Architecture},
    year = {2019},
    isbn = {9781450371421},
    publisher = {Association for Computing Machinery},
    address = {New York, NY, USA},
    url = {https://doi.org/10.1145/3344948.3344952},
    doi = {10.1145/3344948.3344952},
    booktitle = {Proceedings of the 13th European Conference on Software Architecture - Volume 2},
    pages = {63–66},
    numpages = {4},
    keywords = {self-healing, industrialization, service discovery, software architecture, microservices, version management},
    location = {Paris, France},
    series = {ECSA ’19}
}
  
@INPROCEEDINGS{s18conference,  
    author={X. Li and K. Li and X. Pang and Y. Wang},  
    booktitle={2017 IEEE International Conference on Edge Computing (EDGE)},   
    title={An Orchestration Based Cloud Auto-Healing Service Framework},
    year={2017}, 
    volume={},  
    number={},  
    pages={190-193}
}

@INPROCEEDINGS{s19conference,  
    author={M. D. Sanctis and H. Muccini and K. Vaidhyanathan},
    booktitle={2020 IEEE International Conference on Software Architecture Companion (ICSA-C)},   
    title={Data-driven Adaptation in Microservice-based IoT Architectures},  
    year={2020},  
    volume={},  
    number={}, 
    pages={59-62}
}

@article{s20journal,
    author = {Magableh, Basel and Almiani, M},
    year = {2020},
    title = {A Deep Recurrent Q Network towards Self-adapting Distributed Microservices architecture}
}  

@inbook{s21journal,
    author = {Baylov, Krasimir and Dimov, Aleksandar},
    year = {2018},
    month = {01},
    pages = {297-303},
    title = {Reference Architecture for Self-adaptive Microservice Systems},
    volume = {737},
    isbn = {978-3-319-66378-4},
    journal = {Studies in Computational Intelligence},
    doi = {10.1007/978-3-319-66379-1_26}
}

@INPROCEEDINGS{Sousa2020,
    author={P. S. d. {Sousa} and N. P. {Nogueira} and R. C. d. {Santos} and P. H. M. {Maia} and J. T. d. {Souza}},
    booktitle={2020 IEEE International Conference on Software Architecture Companion (ICSA-C)}, 
    title={Building a prototype based on Microservices and Blockchain technologies for notary’s office: An academic experience report}, 
    year={2020},
    volume={},
    number={},
    pages={122-129},}

@INPROCEEDINGS{Barbosa2020,
    author={M. H. Gomes Barbosa and P. H. M.Maia},
    booktitle={2020 IEEE International Conference on Software Architecture Companion (ICSA-C)}, 
    title={Towards Identifying Microservice Candidates from Business Rules Implemented in Stored Procedures}, 
    year={2020},
    volume={},
    number={},
    pages={41-48}
}

@inproceedings{weyns2013,
    title={On Patterns for Decentralized Control in Self-Adaptive Systems},
    author={Weyns, Danny},
    year={2013}
}

@ARTICLE{cooray2013,  
    author={D. Cooray and E. Kouroshfar and S. Malek and R. Roshandel},  
    journal={IEEE Transactions on Software Engineering}, 
    title={Proactive Self-Adaptation for Improving the Reliability of Mission-Critical, Embedded, and Mobile Software},  
    year={2013},  
    volume={39}, 
    number={12}, 
    pages={1714-1735}
}

@INPROCEEDINGS{moreno2016,  
    author={G. A. Moreno and J. Cámara and D. Garlan and B. Schmerl},  
    booktitle={2016 IEEE International Conference on Autonomic Computing (ICAC)},  
    title={Efficient Decision-Making under Uncertainty for Proactive Self-Adaptation},  
    year={2016}, 
    volume={},
    number={},  
    pages={147-156}
}

@article{krupitzer2015,
    author = {Krupitzer, Christian and Roth, Felix Maximilian and VanSyckel, Sebastian and Schiele, Gregor and Becker, Christian},
    title = {A Survey on Engineering Approaches for Self-Adaptive Systems},
    year = {2015},
    issue_date = {February 2015},
    publisher = {Elsevier Science Publishers B. V.},
    address = {NLD},
    volume = {17},
    number = {PB},
    issn = {1574-1192},
    url = {https://doi.org/10.1016/j.pmcj.2014.09.009},
    doi = {10.1016/j.pmcj.2014.09.009},
    journal = {Pervasive Mob. Comput.},
    month = feb,
    pages = {184–206},
    numpages = {23},
    keywords = {Taxonomy, Self-adaptive systems, Context adaptation, Survey, Self-adaptation}
}
  
@article{angelov2012,
    title = "A framework for analysis and design of software reference architectures",
    journal = "Information and Software Technology",
    volume = "54",
    number = "4",
    pages = "417 - 431",
    year = "2012",
    issn = "0950-5849",
    doi = "https://doi.org/10.1016/j.infsof.2011.11.009",
    url = "http://www.sciencedirect.com/science/article/pii/S0950584911002333",
    author = "Samuil Angelov and Paul Grefen and Danny Greefhorst",
    keywords = "Software reference architecture, Software domain architecture, Software architecture design, Software product line architecture"
}

@INPROCEEDINGS{butzin2016,  
    author={B. {Butzin} and F. {Golatowski} and D. {Timmermann}},
    booktitle={2016 IEEE 21st International Conference on Emerging Technologies and Factory Automation (ETFA)},   
    title={Microservices approach for the internet of things},   year={2016}, 
    volume={},  
    number={},  
    pages={1-6}
}
    
@ARTICLE{peltz2003,  
    author={C. {Peltz}},  
    journal={Computer},   
    title={Web services orchestration and choreography},
    year={2003},
    volume={36},
    number={10},
    pages={46-52}
}

@inproceedings{aderaldo2019,
    author = {Aderaldo, Carlos M. and Mendon\c{c}a, Nabor C. and Schmerl, Bradley and Garlan, David},
    title = {Kubow: An Architecture-Based Self-Adaptation Service for Cloud Native Applications},
    year = {2019},
    isbn = {9781450371421},
    publisher = {Association for Computing Machinery},
    address = {New York, NY, USA},
    url = {https://doi.org/10.1145/3344948.3344963},
    doi = {10.1145/3344948.3344963},
    pages = {42–45},
    numpages = {4},
    keywords = {Kubernetes, self-adaptation, rainbow},
    location = {Paris, France},
    series = {ECSA '19}
}

@article{ferreira2012,
    author = {Ferreira Leite, Leonardo and Oliva, Gustavo and Nogueira, Guilherme and Gerosa, Marco Aurelio and Kon, Fabio and Milojicic, Dejan},
    year = {2012},
    month = {09},
    pages = {1-18},
    title = {A Systematic Literature Review of Service Choreography Adaptation},
    journal = {Service Oriented Computing and Applications},
    doi = {10.1007/s11761-012-0125-z}
}

@article{kratzke2017,
    title = "Understanding cloud-native applications after 10 years of cloud computing - A systematic mapping study",
    journal = "Journal of Systems and Software",
    volume = "126",
    pages = "1 - 16",
    year = "2017",
    issn = "0164-1212",
    doi = "https://doi.org/10.1016/j.jss.2017.01.001",
    url = "http://www.sciencedirect.com/science/article/pii/S0164121217300018",
    author = "Nane Kratzke and Peter-Christian Quint"
}

@article{krasimir2018,
	author = {Krasimir Baylov and Aleksandar Dimov},
	title = {An Overview of Self-Adaptive Techniques for Microservice Architectures},
	journal = {Serdica Journal of Computing},
	volume = {11},
	number = {2},
	year = {2018},
	keywords = {Self-Adaptive Systems; Microservices; Software Architecture}
}

@article{fritzsch2018,
    author = {Fritzsch, Jonas and Bogner, Justus and Zimmermann, Alfred and Wagner, Stefan},
    year = {2018},
    month = {07},
    pages = {},
    title = {From Monolith to Microservices: A Classification of Refactoring Approaches}
}

@article{claps2015,
    title = "On the journey to continuous deployment: Technical and social challenges along the way",
    journal = "Information and Software Technology",
    volume = "57",
    pages = "21 - 31",
    year = "2015",
    issn = "0950-5849",
    doi = "https://doi.org/10.1016/j.infsof.2014.07.009",
    url = "http://www.sciencedirect.com/science/article/pii/S0950584914001694",
    author = "Gerry Gerard Claps and Richard Berntsson Svensson and Aybüke Aurum"
}

@INPROCEEDINGS{neely2013,
    author={S. Neely and S. Stolt},
    booktitle={2013 Agile Conference}, 
    title={Continuous Delivery? Easy! Just Change Everything (Well, Maybe It Is Not That Easy)}, 
    year={2013},
    volume={},
    number={},
    pages={121-128},
    doi={10.1109/AGILE.2013.17}
}

@INPROCEEDINGS{ernst2019,
    author={D. Ernst and A. Becker and S. Tai},
    booktitle={2019 IEEE International Conference on Software Architecture Companion (ICSA-C)}, 
    title={Rapid Canary Assessment Through Proxying and Two-Stage Load Balancing}, 
    year={2019},
    volume={},
    number={},
    pages={116-122},
    doi={10.1109/ICSA-C.2019.00028}
}

@ARTICLE{parnin2017,
    author={C. Parnin and E. Helms and C. Atlee and H. Boughton and M. Ghattas and A. Glover and J. Holman and J. Micco and B. Murphy and T. Savor and M. Stumm and S. Whitaker and L. Williams},
    journal={IEEE Software}, 
    title={The Top 10 Adages in Continuous Deployment}, 
    year={2017},
    volume={34},
    number={3},
    pages={86-95},
    doi={10.1109/MS.2017.86}
}

@book{humblefarley2010,
    address = {Upper Saddle River, NJ},
    author = {Humble, Jez and Farley, David G.},
    isbn = {978-0-321-60191-9},
    keywords = {01841 105 safari book software development build process},
    publisher = {Addison-Wesley},
    timestamp = {2018-04-16T11:55:45.000+0200},
    title = {Continuous Delivery: Reliable Software Releases through Build, Test, and Deployment Automation},
    url = {http://my.safaribooksonline.com/9780321601919},
    year = 2010
}

@ARTICLE{weyns2019,
    author={D. Weyns},
    journal={Springer}, 
    title={Software Engineering of Self-adaptive Systems}, 
    year={2019},
    doi={https://doi.org/10.1007/978-3-030-00262-6_11}
}

@inbook{brun2009,
author = {Brun, Y. and Di Marzo Serugendo, Giovanna and Gacek, Cristina and Giese, Holger and Kienle, Holger and Litoiu, Marin and Müller, Hausi and Pezze, P.},
year = {2009},
month = {01},
pages = {},
title = {Engineering self-adaptive systems through feedback loops}
}

@article{dobson2006,
    author = {Dobson, Simon and Denazis, Spyros and Fern\'{a}ndez, Antonio and Ga\"{\i}ti, Dominique and Gelenbe, Erol and Massacci, Fabio and Nixon, Paddy and Saffre, Fabrice and Schmidt, Nikita and Zambonelli, Franco},
    title = {A Survey of Autonomic Communications},
    year = {2006},
    issue_date = {December 2006},
    publisher = {Association for Computing Machinery},
    address = {New York, NY, USA},
    volume = {1},
    number = {2},
    issn = {1556-4665},
    url = {https://doi.org/10.1145/1186778.1186782},
    doi = {10.1145/1186778.1186782},
    month = dec,
    pages = {223–259},
    numpages = {37},
    keywords = {Autonomic communication}
}

@article{evers2014,
    title = "The user in the loop: Enabling user participation for self-adaptive applications",
    journal = "Future Generation Computer Systems",
    volume = "34",
    pages = "110 - 123",
    year = "2014",
    note = "Special Section: Distributed Solutions for Ubiquitous Computing and Ambient Intelligence",
    issn = "0167-739X",
    doi = "https://doi.org/10.1016/j.future.2013.12.010",
    url = "http://www.sciencedirect.com/science/article/pii/S0167739X13002744",
    author = "Christoph Evers and Romy Kniewel and Kurt Geihs and Ludger Schmidt"
}

@inproceedings{camara2015,
    author = {C\'{a}mara, Javier and Moreno, Gabriel A. and Garlan, David},
    title = {Reasoning about Human Participation in Self-Adaptive Systems},
    year = {2015},
    publisher = {IEEE Press},
    pages = {146–156},
    numpages = {11},
    location = {Florence, Italy},
    series = {SEAMS '15}
}

@article{rodriguez2017,
    title = "Continuous deployment of software intensive products and services: A systematic mapping study",
    journal = "Journal of Systems and Software",
    volume = "123",
    pages = "263 - 291",
    year = "2017",
    issn = "0164-1212",
    doi = "https://doi.org/10.1016/j.jss.2015.12.015",
    url = "http://www.sciencedirect.com/science/article/pii/S0164121215002812",
    author = "Pilar Rodríguez and Alireza Haghighatkhah and Lucy Ellen Lwakatare and Susanna Teppola and Tanja Suomalainen and Juho Eskeli and Teemu Karvonen and Pasi Kuvaja and June M. Verner and Markku Oivo"
}

@article{shahin2018,
    author = {Shahin, Mojtaba and Zahedi, Mansooreh and Ali Babar, Muhammad and Zhu, Liming},
    year = {2018},
    month = {08},
    pages = {},
    title = {An Empirical Study of Architecting for Continuous Delivery and Deployment},
    volume = {24},
    journal = {Empirical Software Engineering},
    doi = {10.1007/s10664-018-9651-4}
}

@book{huttermann2012,
	title={DevOps for Developers (Expert's Voice in Web Development)},
	author={Michael Hüttermann},
	year={2012},
	publisher={Apress}
}

@ARTICLE{meyer2014,  
    author={M. Meyer},  
    journal={IEEE Software},   
    title={Continuous Integration and Its Tools},   
    year={2014}, 
    volume={31}, 
    number={3},
    pages={14-16}, 
    doi={10.1109/MS.2014.58}
}

@book{duvall2007,
  added-at = {2017-05-27T20:49:11.000+0200},
  address = {Upper Saddle River, NJ},
  author = {Duvall, Paul and Matyas, Stephen M. and Glover, Andrew},
  biburl = {https://www.bibsonomy.org/bibtex/2eca72789c7322feaee04f14a90d8279d/flint63},
  file = {eBook:2007/DuvallMatyasGlover07.pdf:PDF;InformIT Product page:http\://www.informit.com/title/0321336380:URL;Amazon Search inside:http\://www.amazon.de/gp/reader/0321336380/:URL;Related Web Site:http\://www.integratebutton.com/:URL},
  groups = {public},
  interhash = {e7980e81e45f4c040473763c4e55b7d5},
  intrahash = {eca72789c7322feaee04f14a90d8279d},
  isbn = {978-0-321-33638-5},
  keywords = {01841 105 book shelf software development agile engineering build tool},
  publisher = {Addison-Wesley},
  series = {Addison-Wesley Signature Series},
  timestamp = {2018-04-16T11:31:50.000+0200},
  title = {Continuous Integration: Improving Software Quality and Reducing Risk},
  url = {http://my.safaribooksonline.com/9780321336385},
  username = {flint63},
  year = 2007
}

@misc{fowler2013,
    author = "Martin Fowler",
    year = "2014",
    title = "Continuous Delivery",
    howpublished = {\url{https://martinfowler.com/bliki/ContinuousDelivery.html}},
    note = {Accessed: 2021-01-13}
}

@book{burns2018,
	title={Continuous Delivery with Spinnaker: Fast, Safe, Repeatable Multi-Cloud Deployments},
	author={Emily Burns and Asher Feldman and Rob Fletcher and Tomas Lin and Justin Reynolds and Chris Sanden and Lars Wander and Rob Zienert},
	year={2018},
	publisher={O'Reilly}
}

@misc{fowler2010,
    author = "Martin Fowler",
    year = "2010",
    title = "Blue/Green Deployment",
    howpublished = {\url{https://martinfowler.com/bliki/BlueGreenDeployment.html}},
    note = {Accessed: 2021-01-13}
}

@misc{sato2014,
    author = "Danilo Sato",
    year = "2014",
    title = "Canary Release",
    howpublished = {\url{https://martinfowler.com/bliki/CanaryRelease.html}},
    note = {Accessed: 2021-01-13}
}

@INPROCEEDINGS{eickelmann1996,  
    author={N. S. Eickelmann and D. J. Richardson},
    booktitle={Proceedings of IEEE 18th International Conference on Software Engineering}, 
    title={An evaluation of software test environment architectures},  
    year={1996},
    volume={}, 
    number={},
    pages={353-364}, 
    doi={10.1109/ICSE.1996.493430}
}

@inproceedings{gil2016,
    author = {Gil, Miriam and Pelechano, Vicente and Fons, Joan and Albert, Manoli},
    year = {2016},
    month = {11},
    pages = {437-449},
    title = {Designing the Human in the Loop of Self-Adaptive Systems},
    isbn = {978-3-319-48745-8},
    doi = {10.1007/978-3-319-48746-5_45}
}

@MASTERSTHESIS{braga2015,
	author = {BRAGA, Filipe Antônio Motta},
	TITLE = {Um panorama sobre o uso de práticas DevOps nas indústrias de software},
	SCHOOL = {Universidade Federal de Pernambuco},
	YEAR = {2015},
	type = {Mestrado},
}

@INPROCEEDINGS{eixelsberger1998,  
    author={W. Eixelsberger and M. Ogris and H. Gall and B. Bellay},  
    booktitle={Proceedings of the 20th International Conference on Software Engineering}, 
    title={Software architecture recovery of a program family},   
    year={1998},  
    volume={},  
    number={},  
    pages={508-511},  
    doi={10.1109/ICSE.1998.671617}
}

@INPROCEEDINGS{grosskurth2005,  
    author={A. Grosskurth and M. W. Godfrey},  
    booktitle={21st IEEE International Conference on Software Maintenance (ICSM'05)},   
    title={A reference architecture for Web browsers},   
    year={2005},  
    volume={},  
    number={},  
    pages={661-664},  
    doi={10.1109/ICSM.2005.13}
}

@article{rodriguez2018,
  author    = {Maria Alejandra Rodriguez and
               Rajkumar Buyya},
  title     = {Container-based Cluster Orchestration Systems: {A} Taxonomy and Future
               Directions},
  journal   = {CoRR},
  volume    = {abs/1807.06193},
  year      = {2018},
  url       = {http://arxiv.org/abs/1807.06193},
  archivePrefix = {arXiv},
  eprint    = {1807.06193},
  timestamp = {Mon, 13 Aug 2018 16:46:48 +0200},
  biburl    = {https://dblp.org/rec/journals/corr/abs-1807-06193.bib},
  bibsource = {dblp computer science bibliography, https://dblp.org}
}




@article{petersen2015guidelines,
  title={Guidelines for conducting systematic mapping studies in software engineering: An update},
  author={Petersen, Kai and Vakkalanka, Sairam and Kuzniarz, Ludwik},
  journal={Information and Software Technology},
  volume={64},
  pages={1--18},
  year={2015},
  publisher={Elsevier}
}

@article{zhang2011identifying,
  title={Identifying relevant studies in software engineering},
  author={Zhang, He and Babar, Muhammad Ali and Tell, Paolo},
  journal={Information and Software Technology},
  volume={53},
  number={6},
  pages={625--637},
  year={2011},
  publisher={Elsevier}
}

@article{brereton2007lessons,
  title={Lessons from applying the systematic literature review process within the software engineering domain},
  author={Brereton, Pearl and Kitchenham, Barbara A and Budgen, David and Turner, Mark and Khalil, Mohamed},
  journal={Journal of systems and software},
  volume={80},
  number={4},
  pages={571--583},
  year={2007},
  publisher={Elsevier}
}

@misc{lamport,
	title={Document Preparation System},
	author={Lamport, L. and LaTEX, A.},
	year={1994},
	publisher={Addison-Wesley}
}

@MASTERSTHESIS{Maia2011,
	author = { BORGES, J. A. M.},
	TITLE = {Estudo da drogadição gestacional e óbito neonatal},
	SCHOOL = {Universidade Estadual do Ceará, Fortaleza},
	YEAR = {2012},
	type = {Mestrado},
}

@article{mortalidade,
	title={Mortalidade neonatal: fatores de risco em um município no sul do Brasil},
	author={MARAM, E. and UCHIMURA, T. T.},
	journal={Rev. Eletr. Enf.},
	volume={10},
	number={1},
	pages={29-38},
	year={2008},
}

@inproceedings{Huetal2000,
	author = "J. Hu and H.R. Wu and A. Jennings and X. Wang",
	title = "Fast and robust equalization: A case study",
	booktitle = "Proceedings of the World Multiconference on Systemics, Cybernetics and Informatics, (SCI 2000), Florida, USA, 23-26 July 2000",
	publisher = "International Institute of Informatics and Systemics", 
	address = "FL, USA",
	pages = "398--403",
	year = "2000"
}

@book{tresautores,
	title={Resiliência: enfatizando a proteção dos 	adolescentes},
	author={ASSIS, S. G and  AVANCI, J. Q. and PESCE, R. P.},
	year={2005},
	address={Porto Alegre: Artmed},
}

@article{wieringa2006requirements,
  title={Requirements engineering paper classification and evaluation criteria: a proposal and a discussion},
  author={Wieringa, Roel and Maiden, Neil and Mead, Nancy and Rolland, Colette},
  journal={Requirements engineering},
  volume={11},
  number={1},
  pages={102--107},
  year={2006},
  publisher={Springer}
}

@book{wohlin2012experimentation,
  title={Experimentation in software engineering},
  author={Wohlin, Claes and Runeson, Per and H{\"o}st, Martin and Ohlsson, Magnus C and Regnell, Bj{\"o}rn and Wessl{\'e}n, Anders},
  year={2012},
  publisher={Springer Science \& Business Media}
}

@techreport{keele2007guidelines,
  title={Guidelines for performing systematic literature reviews in software engineering},
  author={Keele, Staffs and others},
  year={2007},
  institution={Citeseer}
}

@inproceedings{cosentino2016findings,
  title={Findings from GitHub: methods, datasets and limitations},
  author={Cosentino, Valerio and Izquierdo, Javier Luis C{\'a}novas and Cabot, Jordi},
  booktitle={2016 IEEE/ACM 13th Working Conference on Mining Software Repositories (MSR)},
  pages={137--141},
  year={2016},
  organization={IEEE}
}

@inproceedings{wang2020smart,
  title={Smart Contract Microservitization},
  author={Wang, Siyuan and Zhang, Xuehan and Yu, Wei and Hu, Kai and Zhu, Jian},
  booktitle={2020 IEEE 44th Annual Computers, Software, and Applications Conference (COMPSAC)},
  pages={1569--1574},
  year={2020},
  organization={IEEE}
}

@inproceedings{yammanuru2017enabling,
  title={Enabling Enterprise Blockchain AppDev Teams},
  author={Yammanuru, Prateek Reddy and Jain, Ayush and Vinayakaram, Harihara},
  booktitle={2017 23RD Annual International Conference in Advanced Computing and Communications (ADCOM)},
  pages={34--39},
  year={2017},
  organization={IEEE}
}

@inproceedings{liang2020design,
  title={On the design of a blockchain-based student quality assessment system},
  author={Liang, Xiubo and Zhao, Qian},
  booktitle={2020 International Conference on High Performance Big Data and Intelligent Systems (HPBD\&IS)},
  pages={1--7},
  year={2020},
  organization={IEEE}
}

@inproceedings{tomov2020application,
  title={An Application Model that Leverages Microservice and Blockchain Technologies},
  author={Tomov, Yavor},
  booktitle={2020 III International Conference on High Technology for Sustainable Development (HiTech)},
  pages={1--3},
  year={2020},
  organization={IEEE}
}

@inproceedings{dilshan2020mschain,
  title={MSChain: Blockchain based Decentralized Certificate Transparency for Microservices},
  author={Dilshan, Dulaj and Piumika, Supimi and Rupasinghe, Chameera and Perera, Indika and Siriwardena, Prabath},
  booktitle={2020 Moratuwa Engineering Research Conference (MERCon)},
  pages={1--6},
  year={2020},
  organization={IEEE}
}

@inproceedings{de2020building,
  title={Building a prototype based on Microservices and Blockchain technologies for notary’s office: An academic experience report},
  author={de Sousa, Pamella Soares and Nogueira, Nataniel Parente and dos Santos, Rayane Celestino and Maia, Paulo Henrique M and de Souza, Jerffeson Teixeira},
  booktitle={2020 IEEE International Conference on Software Architecture Companion (ICSA-C)},
  pages={122--129},
  year={2020},
  organization={IEEE}
}

@inproceedings{sakho2019improving,
  title={Improving Banking Transactions Using Blockchain Technology},
  author={Sakho, Seybou and Jianbiao, Zhang and Essaf, Firdaous and Badiss, Khalid},
  booktitle={2019 IEEE 5th International Conference on Computer and Communications (ICCC)},
  pages={1258--1263},
  year={2019},
  organization={IEEE}
}

@article{wang2021novel,
  title={A Novel IoV Block-Streaming Service Awareness and Trusted Verification in 6G},
  author={Wang, Yichuan and Tian, Yuying and Hei, Xinhong and Zhu, Lei and Ji, Wenjiang},
  journal={IEEE Transactions on Vehicular Technology},
  year={2021},
  publisher={IEEE}
}

@inproceedings{damis2020microservices,
  title={A Microservices Architecture for ADS-B Data Security Using Blockchain},
  author={Damis, Haitham Abu and Shehada, Dina and Fachkha, Claude and Gawanmeh, Amjad and Al-Karaki, Jamal N},
  booktitle={2020 3rd International Conference on Signal Processing and Information Security (ICSPIS)},
  pages={1--4},
  year={2020},
  organization={IEEE}
}

@article{niya2021itrade,
  title={ITrade: A Blockchain-based, Self-Sovereign, and Scalable Marketplace for IoT Data Streams},
  author={Niya, Sina Rafati and Dordevic, Danijel and Stiller, Burkhard},
  year={2021},
  publisher={IEEE}
}

@inproceedings{blasch2019study,
  title={A study of lightweight dddas architecture for real-time public safety applications through hybrid simulation},
  author={Blasch, Erik and Xu, Ronghua and Nikouei, Seyed Yahya and Chen, Yu},
  booktitle={2019 Winter Simulation Conference (WSC)},
  pages={762--773},
  year={2019},
  organization={IEEE}
}

@inproceedings{tonelli2018ethereum,
  title={Ethereum smart contracts as blockchain-oriented microservices},
  author={Tonelli, Roberto and Pinna, Andrea and Baralla, Gavina and Ibba, Simona},
  booktitle={Proceedings of the 19th International Conference on Agile Software Development: Companion},
  pages={1--2},
  year={2018}
}

@inproceedings{reddy2021shared,
  title={A Shared Blockchain Intelligent Public Protection Service Framework},
  author={Reddy, Gangireddy Prabhakar and Geetha, M Kalaiselvi and SureshAnand, M and Rubavathy, S Jaanaa},
  booktitle={Journal of Physics: Conference Series},
  volume={1964},
  number={4},
  pages={042024},
  year={2021},
  organization={IOP Publishing}
}

@article{spinsante2021clinically,
  title={Clinically-validated technologies for assisted living},
  author={Spinsante, Susanna and Poli, Angelica and Mongay Batalla, Jordi and Krawiec, Piotr and Dobre, Ciprian and Bǎjenaru, Lidia and Mavromoustakis, Constandinos X and Costantinou, Costas S and Molan, Gregor and Herghelegiu, Anna Marie and others},
  journal={Journal of Ambient Intelligence and Humanized Computing},
  pages={1--22},
  year={2021},
  publisher={Springer}
}

@inproceedings{bandara2020saas,
  title={SaaS-Microservices-Based Scalable Smart Contract Architecture.},
  author={Bandara, Eranga and Liang, Xueping and Foytik, Peter and Shetty, Sachin and Ranasinghe, Nalin and De Zoysa, Kasun and Ng, Wee Keong},
  booktitle={SSCC},
  pages={228--243},
  year={2020}
}

@article{kochovski2020smart,
  title={Smart contracts for service-level agreements in edge-to-cloud computing},
  author={Kochovski, Petar and Stankovski, Vlado and Gec, Sandi and Faticanti, Francescomaria and Savi, Marco and Siracusa, Domenico and Kum, Seungwoo},
  journal={Journal of Grid Computing},
  volume={18},
  number={4},
  pages={673--690},
  year={2020},
  publisher={Springer}
}

@article{stefan2020blockchain,
  title={BLOCKCHAIN TECHNOLOGIES AND MICROSERVICES FOR OPEN LEARNING COMMUNITIES. A SOFTWARE ARCHITECTURE PERSPECTIVE.},
  author={STEFAN, Livia},
  journal={eLearning \& Software for Education},
  volume={3},
  year={2020}
}

@inproceedings{xu2019blendsm,
  title={Blendsm-ddm: Blockchain-enabled secure microservices for decentralized data marketplaces},
  author={Xu, Ronghua and Ramachandran, Gowri Sankar and Chen, Yu and Krishnamachari, Bhaskar},
  booktitle={2019 IEEE International Smart Cities Conference (ISC2)},
  pages={14--17},
  year={2019},
  organization={IEEE}
}

@inproceedings{samaniego2016hosting,
  title={Hosting virtual iot resources on edge-hosts with blockchain},
  author={Samaniego, Mayra and Deters, Ralph},
  booktitle={2016 IEEE International conference on computer and information technology (CIT)},
  pages={116--119},
  year={2016},
  organization={IEEE}
}

@inproceedings{chen2018fbaas,
  title={Fbaas: Functional blockchain as a service},
  author={Chen, Huan and Zhang, Liang-Jie},
  booktitle={International Conference on Blockchain},
  pages={243--250},
  year={2018},
  organization={Springer}
}

@inproceedings{truong2020benchmarking,
  title={Benchmarking Blockchain Interactions in Mobile Edge Cloud Software Systems.},
  author={Truong, Hong-Linh and Rydzi, Filip},
  booktitle={Bench},
  pages={213--231},
  year={2020}
}

@inproceedings{nagothu2018microservice,
  title={A microservice-enabled architecture for smart surveillance using blockchain technology},
  author={Nagothu, Deeraj and Xu, Ronghua and Nikouei, Seyed Yahya and Chen, Yu},
  booktitle={2018 IEEE international smart cities conference (ISC2)},
  pages={1--4},
  year={2018},
  organization={IEEE}
}

@article{rahman2021educhain,
  title={EduChain: CIA-compliant block-chain for intelligent cyber defense of microservices in education industry 4.0},
  author={Rahman, Md Arafatur and Abuludin, Mohd SAHARUDIN and Yuan, Ling Xi and Islam, Md SHOHIDUL and Asyhari, A Taufiq},
  journal={IEEE Transactions on Industrial Informatics},
  year={2021},
  publisher={IEEE}
}

@inproceedings{tonelli2019implementing,
  title={Implementing a microservices system with blockchain smart contracts},
  author={Tonelli, Roberto and Lunesu, Maria Ilaria and Pinna, Andrea and Taibi, Davide and Marchesi, Michele},
  booktitle={2019 IEEE International Workshop on Blockchain Oriented Software Engineering (IWBOSE)},
  pages={22--31},
  year={2019},
  organization={IEEE}
}

@inproceedings{lopez2020blockchain,
  title={Blockchain and off-chain: A Solution for Audit Issues in Supply Chain Systems},
  author={L{\'o}pez-Pimentel, Juan Carlos and Rojas, Omar and Monroy, Ra{\'u}l},
  booktitle={2020 IEEE International Conference on Blockchain (Blockchain)},
  pages={126--133},
  year={2020},
  organization={IEEE}
}

@inproceedings{villari2018osmotic,
  title={Osmotic computing: software defined membranes meet private/federated blockchains},
  author={Villari, Massimo and Galletta, Antonino and Celesti, Antonino and Carnevale, Lorenzo and Fazio, Maria},
  booktitle={2018 IEEE Symposium on Computers and Communications (ISCC)},
  pages={01292--01297},
  year={2018},
  organization={IEEE}
}

@article{ren2021novel,
  title={Novel Vote Scheme for Decision-Making Feedback Based on Blockchain in Internet of Vehicles},
  author={Ren, Yongjun and Zhu, Fujian and Wang, Jin and Sharma, Pradip Kumar and Ghosh, Uttam},
  journal={IEEE Transactions on Intelligent Transportation Systems},
  year={2021},
  publisher={IEEE}
}

@article{whaiduzzaman2021bfim,
  title={BFIM: Performance Measurement of a Blockchain Based Hierarchical Tree Layered Fog-IoT Microservice Architecture},
  author={Whaiduzzaman, Md and Mahi, Md Julkar Nayeen and Barros, Alistair and Khalil, Md Ibrahim and Fidge, Colin and Buyya, Rajkumar},
  journal={IEEE Access},
  volume={9},
  pages={106655--106674},
  year={2021},
  publisher={IEEE}
}

@inproceedings{krishnaswamy2019microservices,
  title={A Microservices-based Virtualized Blockchain Framework for Emerging 5G Data Networks},
  author={Krishnaswamy, Dilip and Bhatnagar, Aayush and Chauhan, Kanchan and Bhamrah, Dipender and Srivastava, Shobhit and Thakur, Sumit and Bisht, Sandeep and Narula, Sandeep and Jangid, Kiran and Jundre, Pramod},
  booktitle={2019 IEEE Globecom Workshops (GC Wkshps)},
  pages={1--6},
  year={2019},
  organization={IEEE}
}

@inproceedings{ardagna2020blockchain,
  title={A Blockchain-based Trustworthy Certification Process for Composite Services},
  author={Ardagna, Claudio A and Anisetti, Marco and Carminati, Barbara and Damiani, Ernesto and Ferrari, Elena and Rondanini, Christian},
  booktitle={2020 IEEE International Conference on Services Computing (SCC)},
  pages={422--429},
  year={2020},
  organization={IEEE}
}

@inproceedings{buzachis2018basic,
  title={Basic Principles of Osmotic Computing: Secure and Dependable MicroElements (MELs) Orchestration Leveraging Blockchain Facilities},
  author={Buzachis, Alina and Villari, Massimo},
  booktitle={2018 IEEE/ACM International Conference on Utility and Cloud Computing Companion (UCC Companion)},
  pages={47--52},
  year={2018},
  organization={IEEE}
}

@article{bandara2021tikiri,
  title={Tikiri—Towards a lightweight blockchain for IoT},
  author={Bandara, Eranga and Tosh, Deepak and Foytik, Peter and Shetty, Sachin and Ranasinghe, Nalin and De Zoysa, Kasun},
  journal={Future Generation Computer Systems},
  volume={119},
  pages={154--165},
  year={2021},
  publisher={Elsevier}
}

@article{zhang2021blockchain,
  title={A Blockchain-Based Trusted Edge Platform in Edge Computing Environment},
  author={Zhang, Jinnan and Lu, Changqi and Cheng, Gang and Guo, Teng and Kang, Jian and Zhang, Xia and Yuan, Xueguang and Yan, Xin},
  journal={Sensors},
  volume={21},
  number={6},
  pages={2126},
  year={2021},
  publisher={Multidisciplinary Digital Publishing Institute}
}

@article{jamil2021intelligent,
  title={Intelligent Microservice Based on Blockchain for Healthcare Applications},
  author={Jamil, Faisal and Qayyum, Faiza and Alhelaly, Soha and Javed, Farjeel and Muthanna, Ammar},
  journal={CMC-Comput. Mater. Contin},
  volume={69},
  pages={2513--2530},
  year={2021}
}

@article{staifi2021adapted,
  title={Adapted smart home services based on smart contracts and service level agreements},
  author={Staifi, Noureddine and Belguidoum, Meriem},
  journal={CConcurrency and Computation: Practice and Experience},
  pages={e6208},
  year={2021}
}

@inproceedings{de2019decentralized,
  title={Decentralized service registry and discovery in P2P networks using blockchain technology},
  author={de Lange, Peter and Janson, Tom and Klamma, Ralf},
  booktitle={International Conference on Web Engineering},
  pages={296--311},
  year={2019},
  organization={Springer}
}

@inproceedings{samaniego2016using,
  title={Using blockchain to push software-defined IoT components onto edge hosts},
  author={Samaniego, Mayra and Deters, Ralph},
  booktitle={Proceedings of the International Conference on Big Data and Advanced Wireless Technologies},
  pages={1--9},
  year={2016}
}

@inproceedings{da2019urgent,
  title={Urgent and emergency care: an academic application system case study},
  author={da Silva, Daniela America and Kfouri, Fabio and dos Santos, Samara Cardoso and Coura, Luiz Henrique and Cristoni, Wilson and Goncalves, Gildarcio Sousa and dos Santos, Leonardo Guimaraes and Junior, Jose Crisostomo Ozorio and da Fonseca, Breslei Max Reis and Costa, Jean Carlos Lourenco and others},
  booktitle={16th International Conference on Information Technology-New Generations (ITNG 2019)},
  pages={143--152},
  year={2019},
  organization={Springer}
}

@inproceedings{xu2019blendmas,
  title={Blendmas: A blockchain-enabled decentralized microservices architecture for smart public safety},
  author={Xu, Ronghua and Nikouei, Seyed Yahya and Chen, Yu and Blasch, Erik and Aved, Alexander},
  booktitle={2019 IEEE International Conference on Blockchain (Blockchain)},
  pages={564--571},
  year={2019},
  organization={IEEE}
}

@inproceedings{xu2020hybrid,
  title={Hybrid blockchain-enabled secure microservices fabric for decentralized multi-domain avionics systems},
  author={Xu, Ronghua and Chen, Yu and Blasch, Erik and Aved, Alexander and Chen, Genshe and Shen, Dan},
  booktitle={Sensors and Systems for Space Applications XIII},
  volume={11422},
  pages={114220J},
  year={2020},
  organization={International Society for Optics and Photonics}
}

@article{das2022empirical,
  title={An Empirical Study of Blockchain Repositories in GitHub},
  author={Das, Ajoy and Uddin, Gias and Ruhe, Guenther},
  journal={arXiv preprint arXiv:2205.08087},
  year={2022}
}

@inproceedings{garriga2017towards,
  title={Towards a taxonomy of microservices architectures},
  author={Garriga, Martin},
  booktitle={International conference on software engineering and formal methods},
  pages={203--218},
  year={2017},
  organization={Springer}
}

@inproceedings{chen2018microservices,
  title={Microservices: architecting for continuous delivery and DevOps},
  author={Chen, Lianping},
  booktitle={2018 IEEE International conference on software architecture (ICSA)},
  pages={39--397},
  year={2018},
  organization={IEEE}
}

@article{viggiato2018microservices,
  title={Microservices in practice: A survey study},
  author={Viggiato, Markos and Terra, Ricardo and Rocha, Henrique and Valente, Marco Tulio and Figueiredo, Eduardo},
  journal={arXiv preprint arXiv:1808.04836},
  year={2018}
}

@article{newman2015reilly,
  title={O'Reilly Media Inc},
  author={Newman, S and Microservices, Building},
  journal={Building Microservices},
  year={2015}
}

@article{cerny2018contextual,
  title={Contextual understanding of microservice architecture: current and future directions},
  author={Cerny, Tomas and Donahoo, Michael J and Trnka, Michal},
  journal={ACM SIGAPP Applied Computing Review},
  volume={17},
  number={4},
  pages={29--45},
  year={2018},
  publisher={ACM New York, NY, USA}
}

@article{brogi2019design,
  title={Design principles, architectural smells and refactorings for microservices: A multivocal review},
  author={Brogi, Antonio and Neri, Davide and Soldani, Jacopo and Zimmermann, Olaf},
  journal={arXiv preprint arXiv:1906.01553},
  year={2019}
}

@article{soldani2018pains,
  title={The pains and gains of microservices: A systematic grey literature review},
  author={Soldani, Jacopo and Tamburri, Damian Andrew and Van Den Heuvel, Willem-Jan},
  journal={Journal of Systems and Software},
  volume={146},
  pages={215--232},
  year={2018},
  publisher={Elsevier}
}

@inproceedings{taibi2018continuous,
  title={Continuous architecting with microservices and devops: A systematic mapping study},
  author={Taibi, Davide and Lenarduzzi, Valentina and Pahl, Claus},
  booktitle={International Conference on Cloud Computing and Services Science},
  pages={126--151},
  year={2018},
  organization={Springer}
}

@inproceedings{osses2018exploration,
  title={Exploration of academic and industrial evidence about architectural tactics and patterns in microservices},
  author={Osses, Felipe and M{\'a}rquez, Gast{\'o}n and Astudillo, Hern{\'a}n},
  booktitle={Proceedings of the 40th International Conference on Software Engineering: Companion Proceeedings},
  pages={256--257},
  year={2018}
}

@inproceedings{di2017research,
  title={Research on architecting microservices: Trends, focus, and potential for industrial adoption},
  author={Di Francesco, Paolo and Malavolta, Ivano and Lago, Patricia},
  booktitle={2017 IEEE International Conference on Software Architecture (ICSA)},
  pages={21--30},
  year={2017},
  organization={IEEE}
}

@inproceedings{santana2018microservices,
  title={Microservices: A mapping study for internet of things solutions},
  author={Santana, Cleber and Alencar, Brenno and Prazeres, C{\'a}ssio},
  booktitle={2018 IEEE 17th international symposium on network computing and applications (NCA)},
  pages={1--4},
  year={2018},
  organization={IEEE}
}

@inproceedings{prasetyo2018microservice,
  title={Microservice Platform for Smart City: Concepts, Services and Technology},
  author={Prasetyo, Yuli Adam and others},
  booktitle={2018 International Conference on Information Technology Systems and Innovation (ICITSI)},
  pages={358--363},
  year={2018},
  organization={IEEE}
}

@inproceedings{vural2017systematic,
  title={A systematic literature review on microservices},
  author={Vural, Hulya and Koyuncu, Murat and Guney, Sinem},
  booktitle={International Conference on Computational Science and Its Applications},
  pages={203--217},
  year={2017},
  organization={Springer}
}

@inproceedings{hamzehloui2018systematic,
  title={A systematic mapping study on microservices},
  author={Hamzehloui, Mohammad Sadegh and Sahibuddin, Shamsul and Salah, Khalil},
  booktitle={International Conference of Reliable Information and Communication Technology},
  pages={1079--1090},
  year={2018},
  organization={Springer}
}

@article{xiwe-2019,
doi	= {10.1007/978-3-030-03035-3},
title	= {Architecture for Blockchain Applications},
author	= {Xiwei Xu, Ingo Weber, Mark Staples},
publisher = {Springer International Publishing},

isbn	= {3030030350; 9783030030346; 3030030342; 9783030030353},
year	= {2019},
page	= {--},
url =       {libgen.li/file.php?md5=cedc0ccc7c8cd9f102bc7cb7716cf83c},
}

@inproceedings{wust2018you,
  title={Do you need a blockchain?},
  author={W{\"u}st, Karl and Gervais, Arthur},
  organization={Crypto Valley Conference on Blockchain Technology (CVCBT), 2018, Zug, Switzerland},
  pages={45--54},
  year={2018},
  booktitle={Anais...},
  publisher={IEEE},
  address={Zug, Switzerland}
}

@inproceedings{dabic2021sampling,
  title={Sampling projects in github for MSR studies},
  author={Dabic, Ozren and Aghajani, Emad and Bavota, Gabriele},
  booktitle={2021 IEEE/ACM 18th International Conference on Mining Software Repositories (MSR)},
  pages={560--564},
  year={2021},
  organization={IEEE}
}

@article{cosentino2017systematic,
  title={A systematic mapping study of software development with GitHub},
  author={Cosentino, Valerio and Izquierdo, Javier L C{\'a}novas and Cabot, Jordi},
  journal={IEEE Access},
  volume={5},
  pages={7173--7192},
  year={2017},
  publisher={IEEE}
}

@article{driss2021microservices,
  title={Microservices in IoT security: current solutions, research challenges, and future directions},
  author={Driss, Maha and Hasan, Daniah and Boulila, Wadii and Ahmad, Jawad},
  journal={Procedia Computer Science},
  volume={192},
  pages={2385--2395},
  year={2021},
  publisher={Elsevier}
}

@article{badii2019microservices,
  title={Microservices suite for smart city applications},
  author={Badii, Claudio and Bellini, Pierfrancesco and Difino, Angelo and Nesi, Paolo and Pantaleo, Gianni and Paolucci, Michela},
  journal={Sensors},
  volume={19},
  number={21},
  pages={4798},
  year={2019},
  publisher={MDPI}
}

@article{kramer2019implementing,
  title={Implementing secure applications in smart city clouds using microservices},
  author={Kr{\"a}mer, Michel and Frese, Sven and Kuijper, Arjan},
  journal={Future Generation Computer Systems},
  volume={99},
  pages={308--320},
  year={2019},
  publisher={Elsevier}
}

@article{waseem2020systematic,
  title={A systematic mapping study on microservices architecture in devops},
  author={Waseem, Muhammad and Liang, Peng and Shahin, Mojtaba},
  journal={Journal of Systems and Software},
  volume={170},
  pages={110798},
  year={2020},
  publisher={Elsevier}
}

@article{di2017blockchain,
  title={What is the blockchain?},
  author={Di Pierro, Massimo},
  journal={Computing in Science \& Engineering},
  volume={19},
  number={5},
  pages={92--95},
  year={2017},
  publisher={IEEE}
}
@article{zheng2018blockchain,
  title={Blockchain challenges and opportunities: A survey},
  author={Zheng, Zibin and Xie, Shaoan and Dai, Hong-Ning and Chen, Xiangping and Wang, Huaimin},
  journal={International journal of web and grid services},
  volume={14},
  number={4},
  pages={352--375},
  year={2018},
  publisher={Inderscience Publishers (IEL)}
}

@article{abou2019blockchain,
  title={Blockchain applications--usage in different domains},
  author={Abou Jaoude, Joe and Saade, Raafat George},
  journal={IEEE Access},
  volume={7},
  pages={45360--45381},
  year={2019},
  publisher={IEEE}
}

@inproceedings{santos2022blockchain,
  title={How Blockchain and Microservices are Being Used Together: a Systematic Mapping Study},
  author={Santos, Rayane and Soares, Pamella and Rodrigues, Evandro and Maia, Paulo Henrique M and Silveira, Amanda},
  booktitle={2022 IEEE/ACM 5th International Workshop on Emerging Trends in Software Engineering for Blockchain (WETSEB)},
  pages={39--46},
  year={2022},
  organization={IEEE}
}
@inproceedings{koskinen2019containers,
  title={Containers in software development: a systematic mapping study},
  author={Koskinen, Mikael and Mikkonen, Tommi and Abrahamsson, Pekka},
  booktitle={International Conference on Product-Focused Software Process Improvement},
  pages={176--191},
  year={2019},
  organization={Springer}
}

@inproceedings{prasetyo2018microservice,
  title={Microservice Platform for Smart City: Concepts, Services and Technology},
  author={Prasetyo, Yuli Adam and others},
  booktitle={2018 International Conference on Information Technology Systems and Innovation (ICITSI)},
  pages={358--363},
  year={2018},
  organization={IEEE}
}
@article{di2019architecting,
  title={Architecting with microservices: A systematic mapping study},
  author={Di Francesco, Paolo and Lago, Patricia and Malavolta, Ivano},
  journal={Journal of Systems and Software},
  volume={150},
  pages={77--97},
  year={2019},
  publisher={Elsevier}
}
@article{nakamoto2008bitcoin,
  title={Bitcoin: A peer-to-peer electronic cash system},
  author={Nakamoto, Satoshi},
  journal={Decentralized Business Review},
  pages={21260},
  year={2008}
}

@inproceedings{gyimesi2015characterization,
  title={Characterization of source code defects by data mining conducted on GitHub},
  author={Gyimesi, P{\'e}ter and Gyimesi, G{\'a}bor and T{\'o}th, Zolt{\'a}n and Ferenc, Rudolf},
  booktitle={International Conference on Computational Science and Its Applications},
  pages={47--62},
  year={2015},
  organization={Springer}
}

@inproceedings{gousios2017mining,
  title={Mining software engineering data from GitHub},
  author={Gousios, Georgios and Spinellis, Diomidis},
  booktitle={2017 IEEE/ACM 39th International Conference on Software Engineering Companion (ICSE-C)},
  pages={501--502},
  year={2017},
  organization={IEEE}
}

@inproceedings{chen2019replication,
  title={Replication can improve prior results: A github study of pull request acceptance},
  author={Chen, Di and Stolee, Kathyrn T and Menzies, Tim},
  booktitle={2019 IEEE/ACM 27th International Conference on Program Comprehension (ICPC)},
  pages={179--190},
  year={2019},
  organization={IEEE}
}

@article{almarzouq2020mining,
  title={Mining GitHub for research and education: challenges and opportunities},
  author={AlMarzouq, Mohammad and AlZaidan, Abdullatif and AlDallal, Jehad},
  journal={International Journal of Web Information Systems},
  year={2020},
  publisher={Emerald Publishing Limited}
}
@article{montandon2021mining,
  title={Mining the technical roles of GitHub users},
  author={Montandon, Jo{\~a}o Eduardo and Valente, Marco Tulio and Silva, Luciana L},
  journal={Information and Software Technology},
  volume={131},
  pages={106485},
  year={2021},
  publisher={Elsevier}
}

@inproceedings{trockman2019striking,
  title={Striking gold in software repositories? An econometric study of cryptocurrencies on GitHub},
  author={Trockman, Asher and van Tonder, Rijnard and Vasilescu, Bogdan},
  booktitle={2019 IEEE/ACM 16th International Conference on Mining Software Repositories (MSR)},
  pages={181--185},
  year={2019},
  organization={IEEE}
}

@phdthesis{osman2020studying,
  title={Studying the Health of Bitcoin Ecosystem in GitHub},
  author={Osman, Khadija},
  year={2020},
  school={Carleton University}
}

@inproceedings{berkhout2018software,
  title={Software ecosystem health of cryptocurrencies},
  author={Berkhout, Matthijs and Brink, Fons van den and Zwienen, Mart van and Vulpen, Paul van and Jansen, Slinger},
  booktitle={International Conference of Software Business},
  pages={27--42},
  year={2018},
  organization={Springer}
}

@article{bosu2019understanding,
  title={Understanding the motivations, challenges and needs of blockchain software developers: A survey},
  author={Bosu, Amiangshu and Iqbal, Anindya and Shahriyar, Rifat and Chakraborty, Partha},
  journal={Empirical Software Engineering},
  volume={24},
  number={4},
  pages={2636--2673},
  year={2019},
  publisher={Springer}
}

@article{ajienka2020empirical,
  title={An empirical analysis of source code metrics and smart contract resource consumption},
  author={Ajienka, Nemitari and Vangorp, Peter and Capiluppi, Andrea},
  journal={Journal of Software: Evolution and Process},
  volume={32},
  number={10},
  pages={e2267},
  year={2020},
  publisher={Wiley Online Library}
}


@article{andreina2022estimating,
  title={Estimating Patch Propagation Times across (Blockchain) Forks},
  author={Andreina, Sebastien and Alluminio, Lorenzo and Marson, Giorgia Azzurra and Karame, Ghassan},
  journal={arXiv preprint arXiv:2205.07478},
  year={2022}
}

@article{demi2021software,
  title={Software engineering applications enabled by blockchain technology: A systematic mapping study},
  author={Demi, Selina and Colomo-Palacios, Ricardo and S{\'a}nchez-Gord{\'o}n, Mary},
  journal={Applied sciences},
  volume={11},
  number={7},
  pages={2960},
  year={2021},
  publisher={Multidisciplinary Digital Publishing Institute}
}

@article{vacca2021systematic,
  title={A systematic literature review of blockchain and smart contract development: Techniques, tools, and open challenges},
  author={Vacca, Anna and Di Sorbo, Andrea and Visaggio, Corrado A and Canfora, Gerardo},
  journal={Journal of Systems and Software},
  volume={174},
  pages={110891},
  year={2021},
  publisher={Elsevier}
}

@book{xu2019architecture,
  title={Architecture for blockchain applications},
  author={Xu, Xiwei and Weber, Ingo and Staples, Mark},
  year={2019},
  publisher={Springer}
}

@inproceedings{bandara2021saas,
  title={Saas-microservices-based scalable smart contract architecture},
  author={Bandara, Eranga and Liang, Xueping and Foytik, Peter and Shetty, Sachin and Ranasinghe, Nalin and Zoysa, Kasun De and Ng, Wee Keong},
  booktitle={International Symposium on Security in Computing and Communication},
  pages={228--243},
  year={2021},
  organization={Springer}
}

@inproceedings{cstefan2020blockchain,
  title={Blockchain Technologies and Microservices for Open Learning Communities. A Software Architecture Perspective},
  author={{\c{S}}tefan, Livia and others},
  booktitle={Conference proceedings of{\guillemotright} eLearning and Software for Education {\guillemotleft}(eLSE)},
  volume={16},
  number={03},
  pages={126--133},
  year={2020},
  organization={Carol I National Defence University Publishing House}
}


@inproceedings{de2022proliferation,
  title={The Proliferation of End Users as a Success Metric for Cryptocurrencies},
  author={De Rossi, Leonardo Maria and Avital, Michel and Gleasure, Rob},
  booktitle={Proceedings of the 55th Hawaii International Conference on System Sciences},
  year={2022}
}

@article{farell2015analysis,
  title={An analysis of the cryptocurrency industry},
  author={Farell, Ryan},
  year={2015}
}